<?xml version="1.0" encoding="UTF-8"?><record xmlns="http://www.loc.gov/MARC21/slim" xmlns:cinclude="http://apache.org/cocoon/include/1.0" xmlns:zs="http://www.loc.gov/zing/srw/">
  <leader>00426nz  a2200133n  4500</leader>
  <controlfield tag="001">nr 00016189 </controlfield>
  <controlfield tag="003">DLC</controlfield>
  <controlfield tag="005">20000601033708.0</controlfield>
  <controlfield tag="008">000510n| acannaabn          |a ana     c</controlfield>
  <datafield tag="010" ind1=" " ind2=" ">
    <subfield code="a">nr 00016189 </subfield>
  </datafield>
  <datafield tag="040" ind1=" " ind2=" ">
    <subfield code="a">DSI-HMS</subfield>
    <subfield code="b">eng</subfield>
    <subfield code="c">DSI-HMS</subfield>
  </datafield>
  <datafield tag="110" ind1="2" ind2=" ">
    <subfield code="a">Lawrence Gallery (Rosemont College)</subfield>
  </datafield>
  <datafield tag="410" ind1="2" ind2=" ">
    <subfield code="a">Rosemont College.</subfield>
    <subfield code="b">Lawrence Gallery</subfield>
  </datafield>
  <datafield tag="670" ind1=" " ind2=" ">
    <subfield code="a">Grace Hartigan, c1997:</subfield>
    <subfield code="b">p. 2 of cover (Lawrence Gallery, Rosemont College, Rosemont, Pa.)</subfield>
  </datafield>
</record>